@article{brown2020language,
  title={Language models are few-shot learners},
  author={Brown, Tom and Mann, Benjamin and Ryder, Nick and Subbiah, Melanie and Kaplan, Jared D and Dhariwal, Prafulla and Neelakantan, Arvind and Shyam, Pranav and Sastry, Girish and Askell, Amanda and others},
  journal={Advances in neural information processing systems},
  volume={33},
  pages={1877--1901},
  year={2020},
  url={https://proceedings.neurips.cc/paper/2020/hash/1457c0d6bfcb4967418bfb8ac142f64a-Abstract.html}
}

@article{openai2023gpt4,
  title={GPT-4 Technical Report},
  author={OpenAI},
  journal={arXiv preprint arXiv:2303.08774},
  year={2023},
  doi={10.48550/arXiv.2303.08774},
  url={https://arxiv.org/pdf/2303.08774}
}

@misc{anthropic2024mcp,
  title={Model Context Protocol Specification},
  author={Anthropic},
  year={2024},
  url={https://modelcontextprotocol.io/},
  note={Accessed: 2025-09-30}
}

@misc{pydantic,
  title={Pydantic: Data validation using Python type hints},
  author={Colvin, Samuel and others},
  year={2024},
  url={https://docs.pydantic.dev/},
  note={Accessed: 2025-09-30}
}

@misc{fastmcp,
  title={FastMCP: A fast, developer-friendly framework for building Model Context Protocol servers},
  author={Lowin, Jeremiah},
  year={2024},
  url={https://github.com/jlowin/fastmcp},
  note={Accessed: 2025-09-30}
}

@misc{openai2022embeddings,
  title={OpenAI Embeddings API},
  author={OpenAI},
  year={2022},
  url={https://platform.openai.com/docs/guides/embeddings},
  note={Accessed: 2025-09-30}
}

@misc{pinecone,
  title={Pinecone: Vector Database for Machine Learning},
  author={Pinecone Systems Inc.},
  year={2024},
  url={https://www.pinecone.io/},
  note={Accessed: 2025-09-30}
}

@article{wilkinson2016fair,
  title={The FAIR Guiding Principles for scientific data management and stewardship},
  author={Wilkinson, Mark D and Dumontier, Michel and Aalbersberg, IJsbrand Jan and Appleton, Gabrielle and Axton, Myles and Baak, Arie and Blomberg, Niklas and Boiten, Jan-Willem and da Silva Santos, Luiz Bonino and Bourne, Philip E and others},
  journal={Scientific data},
  volume={3},
  number={1},
  pages={1--9},
  year={2016},
  publisher={Nature Publishing Group},
  doi={10.1038/sdata.2016.18},
  url={https://www.nature.com/articles/sdata201618}
}

@misc{hypothesis,
  title={Hypothesis: Property-based testing for Python},
  author={MacIver, David R},
  year={2024},
  url={https://hypothesis.readthedocs.io/},
  note={Accessed: 2025-09-30}
}

@misc{elabjournalapi,
  title={eLabJournal API Documentation},
  author={Bio-ITech},
  year={2024},
  url={https://www.elabjournal.com/api/},
  note={Accessed: 2025-09-30}
}

@misc{labarchives,
  title={LabArchives Electronic Laboratory Notebook},
  author={LabArchives, LLC},
  year={2024},
  url={https://www.labarchives.com/},
  note={Accessed: 2025-09-30}
}

@misc{hydra,
  title={Hydra: A framework for elegantly configuring complex applications},
  author={Yadan, Omry},
  year={2024},
  url={https://hydra.cc/},
  note={Accessed: 2025-09-30}
}
